@misc{GrossMail,
	abstract = {Peronal mail contact},
	author = {Gross, Thilo},
	title = {{Personal email communication}},
	year = {24-4-2019}
}